@article{BARBIERI2007,
  title={Ensino de ci{\^e}ncias nas escolas: uma quest{\~a}o em aberto},
  author={BARBIERI, M. R.},
  journal={Em Aberto},
  volume={7},
  number={40},
  year={2007}
}

@book{BIZZO2008,
	title={Ci{\^e}ncias: f{\'a}cil ou dif{\'\i}cil? 2{\textordfeminine} edi{\c{c}}{\~a}o},
	author={BIZZO, N.},
	OPTeditora={{\'A}tica},
	OPTlocation={S{\~a}o Paulo: },
	date={2008}
}

@book{BIZZO2012,
	title={Metodologia do ensino de Biologia e est{\'a}gio supervisionado},
	author={BIZZO, N.},
	OPTeditora={{\'A}tica},
	OPTlocation={S{\~a}o Paulo},
	date={2012}
}

@article{BORGES2007,
	title={Tend{\^e}ncias contempor{\^a}neas do ensino de Biologia no Brasil},
	author={BORGES, R. M. R. and LIMA, V. M. do R.},
	journal={Revista electr{\'o}nica de Ense{\~n}anza de las Ci{\^e}ncias},
	volume={6},
	number={1},
	pages={165--175},
	year={2007}
}

@misc{Resolucao06De2012,
	author = {BRASIL},
	editor = {Ministério Da Educação - Conselho Nacional De Educação - Câmara De Educação Básica},
	title = {Resolução nº 6, de 20 de Setembro de 2012},
	subtitle = {Define Diretrizes Curriculares Nacionais para a Educação Profissional Técnica de Nível Médio},
	year = {2012}
}

@proceedings{COUTINHO2004,
	title={Quantitativo versus qualitativo: quest{\~o}es paradigm{\'a}ticas na pesquisa em avalia{\c{c}}{\~a}o},
	author={COUTINHO, C. P.},
	year={2004},
	editor = {CIEd - Textos em volumes de atas de encontros científicos nacionais e internacionais},
	OPTeventtitle = {colóquio da ADMEE-EUROPA},
	OPTlocation = {Lisboa, Portugal},
	OPTpages = {437-448}
}


@thesis{DAROSCI2016,
	author = {DAROSCI, A. A. B.},
	title = {Matas ripárias no Cerrado: varia{\c{c}}{\~a}o sazonal e espacial na diversidade de esp{\'e}cies zooc{\'o}ricas e na oferta de recursos para a fauna},
	institution = {Universidade de Brasília},
	date = {2016}
}


@article{DAROSCI2017,
	title={Seasonality, diaspore traits and the structure of plant-frugivore networks in Neotropical savanna forest},
	author={DAROSCI, A. A. B. and BRUNA, E. M. and MOTTA-JUNIOR, J. C. and DA SILVA FERREIRA, C. and BLAKE, J. G. and MUNHOZ, C. B. R.},
	journal={Acta Oecologica},
	volume={84},
	pages={15--22},
	year={2017},
	publisher={Elsevier}
}

@thesis{FERREIRA2003,
	author = {FERREIRA, I. M.},
	title = {O afogar das veredas: uma análise comparativa espacial e temporal das veredas do Chapadão de Catal\~ao (GO)},
	type = {Doutorado em Geografia},
	institution = {Universidade Estadual de São Paulo},
	date = {2003}
}


@inproceedings{HONDO2017,
	title={Data provenance management for bioinformatics workflows using NoSQL database systems in a cloud computing environment},
	author={HONDO, F. and WERCELENS, P. and SILVA, W. M. C. and CASTRO, K. and SANTANA, I. and WALTER, M. E. M. T. and ARAUJO, A. and HOLANDA, M. and LIFSCHITZ, S.},
	booktitle={2017 IEEE International Conference on Bioinformatics and Biomedicine (BIBM)},
	pages={1929--1934},
	year={2017},
	organization={IEEE}
}


@article{HOWE1982,
	title={Ecology of seed dispersal},
	author={HOWE, H. F. and SMALLWOOD, J.},
	journal={Annual review of ecology and systematics},
	volume={13},
	number={1},
	pages={201--228},
	year={1982},
	publisher={Annual Reviews 4139 El Camino Way, PO Box 10139, Palo Alto, CA 94303-0139, USA}
}


@article{KLINK2005,
	title={Conservation of the Brazilian cerrado},
	author={KLINK, C. A. and MACHADO, R. B.},
	journal={Conservation biology},
	volume={19},
	number={3},
	pages={707--713},
	year={2005},
	publisher={Wiley Online Library}
}

@article{KRASILCHIK2007,
	title={Ensino de ci{\^e}ncias e a forma{\c{c}}{\~a}o do cidad{\~a}o},
	author={KRASILCHIK, M.},
	journal={Em aberto},
	volume={7},
	number={40},
	year={2007}
}

@book{LEMBO1975,
	title={Por que falham os professores},
	author={LEMBO, J. M.},
	date={1975},
	OPTeditora = {EPU},
	OPTlocation = {S\~ao Paulo}
}

@article{MYERS2000,
	title={Biodiversity hotspots for conservation priorities},
	author={MYERS, N. and MITTERMEIER, R. A and MITTERMEIER, C. G. and DA FONSECA, G. A. B. and KENT, J.},
	journal={Nature},
	volume={403},
	number={6772},
	pages={853},
	year={2000},
	publisher={Nature Publishing Group}
}

@inproceedings{SANO2008,
	title={Cerrado: ecologia e flora},
	author={RIBEIRO, J. F. and WALTER, B. M. T.},
	booktitle={EMBRAPA},
	city={Planaltina, DF},
	volume={1},
	pages={152--212},
	year={2008}
}

@inproceedings{SILVA2018,
	title={Graph Databases in Molecular Biology},
	author={SILVA, W. M. C. and WERCELENS, P. and WALTER, M. E. M. T. and HOLANDA, M. and Brigido, M.},
	booktitle={{Brazilian Symposium on Bioinformatics}},
	pages={50--57},
	year={2018},
	organization={Springer}
}

@article{MARINHO1993,
	title={O ensino de Ci{\^e}ncias no Brasil: problemas e desafios},
	author={Marinho, Sim{\~a}o Pedro P and Sim{\~o}es, Alessandra Machado},
	joyrnal = {Bios},
	volume={1},
	pages={32-41},
	year={1993}
}

@article{MELO2004,
	title={An{\'a}lise morfol{\'o}gica de sementes, germina{\c{c}}{\~a}o e pl{\^a}ntulas de jatob{\'a} (Hymenaea intermedia Ducke var. adenotricha (Ducke) Lee \& Lang.)(Leguminosae-caesalpinioideae)},
	author={Melo, Maria da Gl{\'o}ria Gon{\c{c}}alves de and Mendon{\c{c}}a, Maria S{\'\i}lvia de and Mendes, AM da S},
	journal={Acta Amaz{\^o}nica},
	volume={34},
	number={1},
	pages={9--14},
	year={2004},
	publisher={SciELO Brasil}
}

@online{Observatorio2013,
	ALTauthor = {Observat\'orio do Mundo do Trabalho e da Educa{\c{c}}{\~a}o Profissional e Tecnol\'ogica},
	ALTeditor = {IFG},
	title = {Estudos e pesquisas econ\^omicas, sociais e educacionais sobre as microrregi{\~o}es do Estado de Goi\'as},
	date = {2013},
	url = {https://www.ifg.edu.br/attachments/article/493/microrregiao_entorno_de_brasilia.pdf},
	OPTsubtitle = {Microrregi{\~a}o do entorno de Bras\'ilia},
	OPTtitleaddon = {Estudos Microrregionais},
	OPTurldate = {14 de Abril de 2019}
}

@inproceedings{RODRIGUES2004a,
	title={O ensino de f\'isica na escola m\'edia: tend\^encias contempor\^aneas},
	author={Rodrigues, C. A. F. and M. Sobrinho, and J. A. C.},
	booktitle={III Encontro de Pesquisa em Educa{\c{c}}{\~a}o da UFPI},
	city={Teresina, PI},
	pages={1-12},
	year={2008}
}

@inproceedings{RODRIGUES2004b,
	title={Novos paradigmas na Educação},
	author={SOUZA, R. C. C. R.},
	booktitle={Poi\'esis e Pr\'axis II: formação, profissionaliza{\c{c}}{\~a}o e pr\'aticas pedag\'ogicas},
	city={Goiânia, GO, PI},
	year={2013}
}

@article{DASILVA2012,
	title={A rela{\c{c}}{\~a}o professor-aluno no processo ensino-aprendizagem},
	author={DA Silva, O. G. and NAVARRO, E. C.},
	journal={Revista Eletr{\^o}nica Interdisciplinar},
	volume={2},
	number={8},
	pages={95--100},
	year={2012}
}

@article{STEPHENS2015,
	title={Big data: astronomical or genomical?},
	author={Stephens, Z. D. and Lee, S. Y and Faghri, F. and Campbell, R. H. and Zhai, C. and Efron, M. J. and Iyer, R. and Schatz, M. C. and Sinha, S. and Robinson, G. E.},
	journal={PLoS biology},
	volume={13},
	number={7},
	pages={e1002195},
	year={2015},
	publisher={Public Library of Science}
}



